@incollection{
year={1985},
isbn={978-3-540-16042-7},
booktitle={Foundations of Software Technology and Theoretical Computer Science},
volume={206},
series={Lecture Notes in Computer Science},
editor={Maheshwari, S.N.},
doi={10.1007/3-540-16042-6_2},
title={Concurrent programming using actors: Exploiting large-scale parallelism},
url={http://dx.doi.org/10.1007/3-540-16042-6_2},
publisher={Springer Berlin Heidelberg},
author={Agha, Gul and Hewitt, Carl},
pages={19-41},
language={English}
}
