@ARTICLE{4305575,
author={Vinoski, S.},
journal={Internet Computing, IEEE},
title={Concurrency with Erlang},
year={2007},
month={Sept},
volume={11},
number={5},
pages={90-93},
keywords={high level languages;multi-threading;C++;Erlang;Java;actor models;locking granularity;message passing;multithreaded application;programming languages;shared state;Computer languages;Concurrent computing;Java;Multicore processing;Programming profession;Protection;Switches;System recovery;Writing;Yarn;Erlang;Toward Integration;concurrency;middleware;programming language},
doi={10.1109/MIC.2007.104},
ISSN={1089-7801},}
