@book{dartEcma,
  title = {{ECMA-408}: Dart Programming Language Specification},
  publisher = {ECMA (European Association for Standardizing Information and Communication
  Systems)},
  year = {2014},
  author = {{ECMA}},
  address = {Geneva, Switzerland},
  month = {June},
  note = {2014},
  url = {http://www.ecma-international.org/publications/files/ECMA-ST/ECMA-408.pdf
