@INPROCEEDINGS{Agha92distributedexecution,
    author = {Gul Agha and Chris Houck and Rajendra Panwar},
    title = {Distributed execution of Actor programs},
    booktitle = {Languages and Compilers for Parallel Computing, LNCS(586},
    year = {1992},
    pages = {1--17},
    publisher = {SpringerVerlag}
}
