@article{Haller,
 author = {Haller, Philipp and Odersky, Martin},
 title = {Scala Actors: Unifying Thread-based and Event-based Programming},
 journal = {Theor. Comput. Sci.},
 issue_date = {February, 2009},
 volume = {410},
 number = {2-3},
 month = feb,
 year = {2009},
 issn = {0304-3975},
 pages = {202--220},
 numpages = {19},
 url = {http://dx.doi.org/10.1016/j.tcs.2008.09.019},
 doi = {10.1016/j.tcs.2008.09.019},
 acmid = {1496422},
 publisher = {Elsevier Science Publishers Ltd.},
 address = {Essex, UK},
 keywords = {Actors, Concurrent programming, Events, Threads},
}