@MISC{Kim97thal:an,
    author = {Wooyoung Kim},
    title = {Thal: An Actor System For Efficient And Scalable Concurrent Computing},
    year = {1997}
}
