@article{Odersky,
 author = {Odersky, Martin and Rompf, Tiark},
 title = {Unifying Functional and Object-oriented Programming with Scala},
 journal = {Commun. ACM},
 issue_date = {April 2014},
 volume = {57},
 number = {4},
 month = apr,
 year = {2014},
 issn = {0001-0782},
 pages = {76--86},
 numpages = {11},
 url = {http://doi.acm.org/10.1145/2591013},
 doi = {10.1145/2591013},
 acmid = {2591013},
 publisher = {ACM},
 address = {New York, NY, USA},
}
