@incollection{hewitt,
year={1985},
isbn={978-3-540-16042-7},
booktitle={Foundations of Software Technology and Theoretical Computer Science},
volume={206},
series={Lecture Notes in Computer Science},
editor={Maheshwari, S.N.},
doi={10.1007/3-540-16042-6_2},
title={Concurrent programming using actors: Exploiting large-scale parallelism},
url={http://dx.doi.org/10.1007/3-540-16042-6_2},
publisher={Springer Berlin Heidelberg},
author={Agha, Gul and Hewitt, Carl},
pages={19-41},
language={English}
}

@book{agha,
title={ACTORS: A Model of Concurrent Computation in Distributed Systems},
publisher={},
year={1985},
author={Agha, Gul Abdulnabi},
url={http://hdl.handle.net/1721.1/6952},
pages={34-35},
language={English}
}

@inproceedings{armstrong,
 author = {Armstrong, Joe},
 title = {A History of Erlang},
 booktitle = {Proceedings of the Third ACM SIGPLAN Conference on History of Programming Languages},
 series = {HOPL III},
 year = {2007},
 isbn = {978-1-59593-766-7},
 location = {San Diego, California},
 pages = {6-1--6-26},
 url = {http://doi.acm.org/10.1145/1238844.1238850},
 doi = {10.1145/1238844.1238850},
 acmid = {1238850},
 publisher = {ACM},
 address = {New York, NY, USA},
}

@ARTICLE{vinoski,
author={Vinoski, S.},
journal={Internet Computing, IEEE},
title={Concurrency with Erlang},
year={2007},
month={Sept},
volume={11},
number={5},
pages={90-93},
keywords={high level languages;multi-threading;C++;Erlang;Java;actor models;locking granularity;message passing;multithreaded application;programming languages;shared state;Computer languages;Concurrent computing;Java;Multicore processing;Programming profession;Protection;Switches;System recovery;Writing;Yarn;Erlang;Toward Integration;concurrency;middleware;programming language},
doi={10.1109/MIC.2007.104},
ISSN={1089-7801},}

@book{cesarini2009erlang,
  title={Erlang programming},
  author={Cesarini, Francesco and Thompson, Simon},
  year={2009},
  publisher={" O'Reilly Media, Inc."}
}

@article{Odersky,
 author = {Odersky, Martin and Rompf, Tiark},
 title = {Unifying Functional and Object-oriented Programming with Scala},
 journal = {Commun. ACM},
 issue_date = {April 2014},
 volume = {57},
 number = {4},
 month = apr,
 year = {2014},
 issn = {0001-0782},
 pages = {76--86},
 numpages = {11},
 url = {http://doi.acm.org/10.1145/2591013},
 doi = {10.1145/2591013},
 acmid = {2591013},
 publisher = {ACM},
 address = {New York, NY, USA},
}

@misc{scalaActors,
  title = {Scala Actors},
  author = {Haller, Philipp},
  howpublished = {\url{http://www.scala-lang.org/old/node/242}},
  note = {Last Accessed: 2014-11-19}
}

@article{Haller,
 author = {Haller, Philipp and Odersky, Martin},
 title = {Scala Actors: Unifying Thread-based and Event-based Programming},
 journal = {Theor. Comput. Sci.},
 issue_date = {February, 2009},
 volume = {410},
 number = {2-3},
 month = feb,
 year = {2009},
 issn = {0304-3975},
 pages = {202--220},
 numpages = {19},
 url = {http://dx.doi.org/10.1016/j.tcs.2008.09.019},
 doi = {10.1016/j.tcs.2008.09.019},
 acmid = {1496422},
 publisher = {Elsevier Science Publishers Ltd.},
 address = {Essex, UK},
 keywords = {Actors, Concurrent programming, Events, Threads},
}

@misc{akkaHome,
  title = {Akka Toolkit},
  author = {TypeSafe Inc.},
  howpublished = {\url{http://akka.io}},
  note = {Last Accessed: 2014-11-19}
}

@misc{akkaJavaDoc,
  title = {Akka Toolkit},
  author = {TypeSafe Inc.},
  howpublished = {\url{http://doc.akka.io/docs/akka/2.3.7/AkkaJava.pdf}},
  note = {Last Accessed: 2014-11-19}
}

@book{dartEcma,
  title = {{ECMA-408}: Dart Programming Language Specification},
  publisher = {ECMA (European Association for Standardizing Information and Communication
  Systems)},
  year = {2014},
  author = {{ECMA}},
  address = {Geneva, Switzerland},
  month = {June},
  note = {2014},
  url = {http://www.ecma-international.org/publications/files/ECMA-ST/ECMA-408.pdf}
}

@book{laddWalrath,
  title = {Dart: Up and Running},
  author = {Kathy Walrath, Seth Ladd},
  publisher = {O'Reilly Media},
  month = {October},
  year = {2012},
  isbn = {978-1-4493-3084-2},
  url = {https://www.dartlang.org/docs/dart-up-and-running/},
  note = {Last Accessed: 2014-11-19}
}

@misc{dartApiIsolate,
  title = {Dart API Reference},
  author = {Google},
  howpublished = {\url{https://api.dartlang.org/apidocs/channels/stable/dartdoc-viewer/dart:isolate.Isolate}},
  note = {Last Accessed: 2014-11-19}
}

@misc{rfc6455,
  author="I. Fette and A. Melnikov",
  title="{The WebSocket Protocol}",
  series="Request for Comments",
  number="6455",
  howpublished="RFC 6455 (Proposed Standard)",
  publisher="IETF",
  organization="Internet Engineering Task Force",
  year=2011,
  month=dec,
    url="http://www.ietf.org/rfc/rfc6455.txt",
}

@misc{rabbitmqFeatures,
  title = {What can RabbitMQ do for you?},
  author = {Pivotal Software},
  howpublished = {\url{http://www.rabbitmq.com/features.html}},
  note = {Last Accessed: 2014-11-20}
}

@misc{rabbitmqProtocols,
  title = {Which protocols does RabbitMQ support?},
  author = {Pivotal Software},
  howpublished = {\url{http://www.rabbitmq.com/protocols.html}},
  note = {Last Accessed: 2014-11-20}
}

@misc{rabbitmqPerformance,
  title = {RabbitMQ Performance Measurements, part 2},
  author = {Pivotal Software},
  howpublished = {\url{http://www.rabbitmq.com/blog/2012/04/25/rabbitmq-performance-measurements-part-2/}},
  note = {Last Accessed: 2014-11-20}
}

@misc{sizingYourRabbits,
title = {Sizing your Rabbits},
author = {Pivotal Software},
  howpublished = {\url{https://www.rabbitmq.com/blog/2011/09/24/sizing-your-rabbits/}},
  note = {Last Accessed: 2014-11-22}
}

@misc{stomp,
  title = {STOMP - Simple Text Oriented Messaging Protocol},
  author = {STOMP},
  howpublished = {\url{http://stomp.github.io/stomp-specification-1.2.html}},
  note = {Last Accessed: 2014-11-20}
}

@misc{andyPiperVmware,
  title = {Choosing Your Messaging Protocol: AMQP, MQTT, or STOMP},
  author = {Andy Piper},
  howpublished = {\url{http://blogs.vmware.com/vfabric/2013/02/choosing-your-messaging-protocol-amqp-mqtt-or-stomp.html}},
  note = {Last Accessed: 2014-11-22}
}
